@article{garcia2018geochemical,
  title={Geochemical indicators in Western Mediterranean Messinian evaporites: Implications for the salinity crisis},
  author={Garc{\'\i}a-Veigas, Javier and Cend{\'o}n, Dioni I and Gibert, Luis and Lowenstein, Tim K and Artiaga, David},
  journal={Marine Geology},
  year={2018},
  publisher={Elsevier}
}

@article{rouchy2006messinian,
  title={The Messinian salinity crisis in the Mediterranean basin: a reassessment of the data and an integrated scenario},
  author={Rouchy, Jean Marie and Caruso, Antonio},
  journal={Sedimentary Geology},
  volume={188},
  pages={35--67},
  year={2006},
  publisher={Elsevier}
}

@article{roveri2014messinian,
  title={The Messinian Salinity Crisis: past and future of a great challenge for marine sciences},
  author={Roveri, Marco and Flecker, Rachel and Krijgsman, Wout and Lofi, Johanna and Lugli, Stefano and Manzi, Vinicio and Sierro, Francisco J and Bertini, Adele and Camerlenghi, Angelo and De Lange, Gert and others},
  journal={Marine Geology},
  volume={352},
  pages={25--58},
  year={2014},
  publisher={Elsevier}
}

@article{schmalz1969deep,
  title={Deep-water evaporite deposition: a genetic model},
  author={Schmalz, Robert F},
  journal={AAPG Bulletin},
  volume={53},
  number={4},
  pages={798--823},
  year={1969},
  publisher={American Association of Petroleum Geologists}
}

@article{hsu1972origin,
  title={Origin of saline giants: a critical review after the discovery of the Mediterranean evaporite},
  author={Hsu, KJ},
  journal={Earth-Science Reviews},
  volume={8},
  number={4},
  pages={371--396},
  year={1972},
  publisher={Elsevier}
}

@article{schmitt1994double,
  title={Double diffusion in oceanography},
  author={Schmitt, Raymond W},
  journal={Annual Review of Fluid Mechanics},
  volume={26},
  number={1},
  pages={255--285},
  year={1994},
  publisher={Annual Reviews 4139 El Camino Way, PO Box 10139, Palo Alto, CA 94303-0139, USA}
}

@book{slingerland2011mathematical,
  title={Mathematical Modeling of Earth's Dynamical Systems: A Primer},
  author={Slingerland, Rudy and Kump, Lee},
  year={2011},
  publisher={Princeton University Press}
}

@article{manzi2018onset,
  title={The onset of the Messinian salinity crisis in the deep Eastern Mediterranean basin},
  author={Manzi, Vinicio and Gennari, Rocco and Lugli, Stefano and Persico, Davide and Reghizzi, Matteo and Roveri, Marco and Schreiber, B Charlotte and Calvo, Ran and Gavrieli, Ittai and Gvirtzman, Zohar},
  journal={Terra Nova},
  volume={30},
  number={3},
  pages={189--198},
  year={2018},
  publisher={Wiley Online Library}
}

@article{lofi2011refining,
  title={Refining our knowledge of the Messinian salinity crisis records in the offshore domain through multi-site seismic analysis},
  author={Lofi, Johanna and Sage, Fran{\c{c}}oise and D{\'e}verch{\`e}re, Jacques and Loncke, Lies and Maillard, Agn{\`e}s and Gaullier, Virginie and Thinon, Isabelle and Gillet, Herv{\'e} and Guennoc, Pol and Gorini, Christian},
  journal={Bulletin de la Soci{\'e}t{\'e} g{\'e}ologique de France},
  volume={182},
  number={2},
  pages={163--180},
  year={2011},
  publisher={GeoScienceWorld}
}

@article{krijgsman2010rise,
  title={Rise and fall of the Paratethys Sea during the Messinian Salinity Crisis},
  author={Krijgsman, W and Stoica, M and Vasiliev, I and Popov, VV},
  journal={Earth and Planetary Science Letters},
  volume={290},
  number={1-2},
  pages={183--191},
  year={2010},
  publisher={Elsevier}
}

@article{krijgsman1999chronology,
  title={Chronology, causes and progression of the Messinian salinity crisis},
  author={Krijgsman, Wout and Hilgen, FJ and Raffi, I and Sierro, Francisco J and Wilson, DS},
  journal={Nature},
  volume={400},
  number={6745},
  pages={652},
  year={1999},
  publisher={Nature Publishing Group}
}

@article{nesteroff1973mineralogy,
  title={Mineralogy, petrography, distribution, and origin of the Messinian Mediterranean evaporites},
  author={Nesteroff, WD},
  journal={Initial reports of the deep sea drilling project},
  volume={13},
  number={II},
  pages={673--693},
  year={1973},
  publisher={Washington DC: US Government Printing Office}
}

@article{hardie2004did,
  title={Did the Mediterranean Sea dry out during the Miocene? A reassessment of the evaporite evidence from DSDP Legs 13 and 42A cores},
  author={Hardie, Lawrence A and Lowenstein, Tim K},
  journal={Journal of Sedimentary Research},
  volume={74},
  number={4},
  pages={453--461},
  year={2004},
  publisher={SEPM Society for Sedimentary Geology}
}

@article{roveri2001mediterranean,
  title={The Mediterranean Messinian salinity crisis: an Apennine foredeep perspective},
  author={Roveri, Marco and Bassetti, MA and Lucchi, F Ricci},
  journal={Sedimentary Geology},
  volume={140},
  number={3-4},
  pages={201--214},
  year={2001},
  publisher={Elsevier}
}

@article{krijgsman2002onset,
  title={The onset of the Messinian salinity crisis in the Eastern Mediterranean (Pissouri Basin, Cyprus)},
  author={Krijgsman, W and Blanc-Valleron, M-M and Flecker, R and Hilgen, FJ and Kouwenhoven, TJ and Merle, D and Orszag-Sperber, F and Rouchy, J-M},
  journal={Earth and Planetary Science Letters},
  volume={194},
  number={3-4},
  pages={299--310},
  year={2002},
  publisher={Elsevier}
}

@article{Heiden2017Application,
  title={Application of the 1D diffusion-equation to the limnological evolutionof the Dead Sea},
  author={van der Heiden, V and Meijer, P and Simon, D},
  journal={},
  volume={},
  number={},
  pages={},
  year={2017},
  publisher={}
}

@article{manzi2012high,
  title={High-frequency cyclicity in the Mediterranean Messinian evaporites: evidence for solar--lunar climate forcing},
  author={Manzi, Vinicio and Gennari, Rocco and Lugli, Stefano and Roveri, Marco and Scafetta, Nicola and Schreiber, B Charlotte},
  journal={Journal of Sedimentary Research},
  volume={82},
  number={12},
  pages={991--1005},
  year={2012},
  publisher={SEPM 6128 E. 38th Street, Tulsa, OK 74135-5814 USA}
}
@article{ivanov2002model,
  title={Model of the Dead Sea. Simulation of the variability of the thermohaline water structure in 1992--2000},
  author={Ivanov, VA and Lyubartseva, SP and Mikhailova, EN and Shapiro, NB and Gertman, I},
  journal={Physical Oceanography},
  volume={12},
  number={5},
  pages={237--256},
  year={2002},
  publisher={Springer}
}

@article{waahlin2006entraining,
  title={How entraining density currents influence the stratification in a one-dimensional ocean basin},
  author={W{\aa}hlin, AK and Cenedese, Claudia},
  journal={Deep Sea Research Part II: Topical Studies in Oceanography},
  volume={53},
  number={1-2},
  pages={172--193},
  year={2006},
  publisher={Elsevier}
}
